<record xmlns="http://www.loc.gov/MARC21/slim" xmlns:xsi="http://www.w3.org/2001/XMLSchema-instance" xsi:schemaLocation="http://www.loc.gov/MARC21/slim http://www.loc.gov/standards/marcxml/schema/MARC21slim.xsd"><leader>01731cz   2200361n  4500</leader><controlfield tag="001">oca00433548 </controlfield><controlfield tag="005">20011201072805.0</controlfield><controlfield tag="008">800610n| acannaabn          |a aaa      </controlfield><datafield ind1=" " ind2=" " tag="010"><subfield code="a">n  80051702 </subfield></datafield><datafield ind1=" " ind2=" " tag="040"><subfield code="a">DLC</subfield><subfield code="b">eng</subfield><subfield code="c">DLC</subfield><subfield code="d">DLC</subfield><subfield code="d">NjP</subfield><subfield code="d">DLC-R</subfield><subfield code="d">WU</subfield><subfield code="d">INS-SF</subfield><subfield code="d">OCoLC</subfield></datafield><datafield ind1=" " ind2="0" tag="053"><subfield code="a">PA3939</subfield></datafield><datafield ind1="0" ind2=" " tag="100"><subfield code="a">Marcus Aurelius,</subfield><subfield code="c">Emperor of Rome,</subfield><subfield code="d">121-180</subfield></datafield><datafield ind1="1" ind2=" " tag="400"><subfield code="a">Aurelius Antoninus, Marcus,</subfield><subfield code="c">Emperor of Rome,</subfield><subfield code="d">121-180</subfield><subfield code="w">nna</subfield></datafield><datafield ind1="1" ind2=" " tag="400"><subfield code="a">Aurelius, Marcus,</subfield><subfield code="c">Emperor of Rome,</subfield><subfield code="d">121-180</subfield></datafield><datafield ind1="0" ind2=" " tag="400"><subfield code="a">Mark Aurel,</subfield><subfield code="c">Emperor of Rome,</subfield><subfield code="d">121-180</subfield></datafield><datafield ind1="0" ind2=" " tag="400"><subfield code="a">Marcus Aurelius Antoninus,</subfield><subfield code="c">Emperor of Rome,</subfield><subfield code="d">121-180</subfield></datafield><datafield ind1="0" ind2=" " tag="400"><subfield code="a">Mark Avreliĭ,</subfield><subfield code="c">Emperor of Rome,</subfield><subfield code="d">121-180</subfield></datafield><datafield ind1="0" ind2=" " tag="400"><subfield code="a">Marek Aureliusz,</subfield><subfield code="c">Emperor of Rome,</subfield><subfield code="d">121-180</subfield></datafield><datafield ind1="0" ind2=" " tag="400"><subfield code="a">Marc Aurel,</subfield><subfield code="c">Emperor of Rome,</subfield><subfield code="d">121-180</subfield></datafield><datafield ind1="0" ind2=" " tag="400"><subfield code="a">Marcus Antoninus,</subfield><subfield code="c">Emperor of Rome,</subfield><subfield code="d">121-180</subfield></datafield><datafield ind1="1" ind2=" " tag="400"><subfield code="a">Antoninus, Marcus,</subfield><subfield code="c">Emperor of Rome,</subfield><subfield code="d">121-180</subfield></datafield><datafield ind1="0" ind2=" " tag="400"><subfield code="a">Markos Antōninos,</subfield><subfield code="c">Emperor of Rome,</subfield><subfield code="d">121-180</subfield></datafield><datafield ind1="0" ind2=" " tag="400"><subfield code="a">Marco Aurelio,</subfield><subfield code="c">Emperor of Rome,</subfield><subfield code="d">121-180</subfield></datafield><datafield ind1="0" ind2=" " tag="400"><subfield code="a">Marḳus Aʼurelyus,</subfield><subfield code="c">Emperor of Rome,</subfield><subfield code="d">121-180</subfield></datafield><datafield ind1="0" ind2=" " tag="400"><subfield code="a">Marḳus Orelyus,</subfield><subfield code="c">Emperor of Rome,</subfield><subfield code="d">121-180</subfield></datafield><datafield ind1="0" ind2=" " tag="400"><subfield code="a">Marks Aurēlijs,</subfield><subfield code="c">Emperor of Rome,</subfield><subfield code="d">121-180</subfield></datafield><datafield ind1=" " ind2=" " tag="670"><subfield code="a">Marc Aurel, 1979:</subfield><subfield code="b">t.p. (Marc Aurel)</subfield></datafield><datafield ind1=" " ind2=" " tag="670"><subfield code="a">His The Emperor Marcus Antoninus, his conversation with himself, 1701:</subfield><subfield code="b">t.p. (The Emperor Marcus Antoninus)</subfield></datafield><datafield ind1=" " ind2=" " tag="670"><subfield code="a">InU/Wing STC files</subfield><subfield code="b">(usage: Markou Antōninou ...)</subfield></datafield><datafield ind1=" " ind2=" " tag="670"><subfield code="a">Rilievi storici capitolini, c1986:</subfield><subfield code="b">t.p. (Marco Aurelio)</subfield></datafield><datafield ind1=" " ind2=" " tag="670"><subfield code="a">Sigad, R. ha-Emet ki-ṭragedyah, c1990:</subfield><subfield code="b">t.p. (Marḳus Aʼurelyus) t.p. verso (Marcus Aurelius [in rom.])</subfield></datafield><datafield ind1=" " ind2=" " tag="670"><subfield code="a">Spiegel, N. Marḳus Orelyus, 1980.</subfield></datafield><datafield ind1=" " ind2=" " tag="670"><subfield code="a">Pašam sev, 1991:</subfield><subfield code="b">t.p. (Marks Aurēlijs)</subfield></datafield></record>